@article{Zeng2001,
    title = {{Image reconstruction - A tutorial}},
    year = {2001},
    journal = {Computerized Medical Imaging and Graphics},
    author = {Zeng, G. L.},
    number = {2},
    month = {3},
    pages = {97--103},
    volume = {25},
    publisher = {Pergamon},
    url = {https://www.sciencedirect.com/science/article/pii/S0895611100000598?via%3Dihub},
    isbn = {0895-6111},
    doi = {10.1016/S0895-6111(00)00059-8},
    issn = {08956111},
    pmid = {11137785},
    keywords = {Analytical reconstruction, Image reconstruction, Iterative reconstruction, Reconstruction algorithms, Tomography, Tutorial}
}

@misc{Qi2006,
    title = {{Iterative reconstruction techniques in emission computed tomography}},
    year = {2006},
    booktitle = {Physics in Medicine and Biology},
    author = {Qi, Jinyi and Leahy, Richard M},
    number = {15},
    month = {8},
    pages = {R541-R578},
    volume = {51},
    publisher = {IOP Publishing},
    url = {http://stacks.iop.org/0031-9155/51/i=15/a=R01?key=crossref.88650babe9d6d145f62d33813085479a},
    isbn = {0031-9155},
    doi = {10.1088/0031-9155/51/15/R01},
    issn = {00319155},
    pmid = {16861768}
}

@book{Bailey2014,
    title = {{Nuclear Medicine Physics. A Handbook for Teachers and Students.}},
    year = {2014},
    booktitle = {Medical Physics},
    author = {Bailey, D.L. and Humm, J.L. and Todd-Pokropek, A. and Aswegen, A. van},
    number = {8},
    pages = {766},
    volume = {38},
    publisher = {IAEA},
    url = {https://www-pub.iaea.org/books/IAEAbooks/10368/Nuclear-Medicine-Physics-A-Handbook-for-Teachers-and-Students},
    isbn = {978-92-0-143810-2},
    doi = {10.1118/1.3611048},
    issn = {00942405},
    pmid = {25246403},
    arxivId = {arXiv:1011.1669v3}
}

@techreport{Alessio2006,
    title = {{PET Image Reconstruction}},
    booktitle = {Nuclear Medicine},
    author = {Alessio, Adam and Kinahan, Paul},
    volume = {2},
    url = {http://faculty.washington.edu/aalessio/papers/alessioPETRecon.pdf}
}

@misc{VanderVos2017,
    title = {{Quantification, improvement, and harmonization of small lesion detection with state-of-the-art PET}},
    year = {2017},
    booktitle = {European Journal of Nuclear Medicine and Molecular Imaging},
    author = {van der Vos, Charlotte S. and Koopman, Daniëlle and Rijnsdorp, Sjoerd and Arends, Albert J. and Boellaard, Ronald and van Dalen, Jorn A. and Lubberink, Mark and Willemsen, Antoon T.M. and Visser, Eric P.},
    number = {S1},
    month = {8},
    pages = {4--16},
    volume = {44},
    publisher = {Springer Berlin Heidelberg},
    url = {http://link.springer.com/10.1007/s00259-017-3727-z},
    isbn = {0025901737},
    doi = {10.1007/s00259-017-3727-z},
    issn = {16197089},
    pmid = {28687866},
    keywords = {Digital PET, EARL, Lesion detectability, PET/MR, Point-spread-function, Time-of-flight}
}

@misc{AlessioAlessioPETRecon.pdf,
    title = {{alessioPETRecon.pdf}},
    author = {Alessio, Adam and {Paul Kinahan}},
    url = {http://faculty.washington.edu/aalessio/papers/alessioPETRecon.pdf}
}

@article{SangtaeAhn2008AnalysisPET,
    title = {{Analysis of Resolution and Noise Properties of Nonquadratically Regularized Image Reconstruction Methods for PET}},
    year = {2008},
    journal = {IEEE Transactions on Medical Imaging},
    author = {Sangtae Ahn, Sangtae and Leahy, R.M.},
    number = {3},
    month = {3},
    pages = {413--424},
    volume = {27},
    url = {http://www.ncbi.nlm.nih.gov/pubmed/18334436 http://ieeexplore.ieee.org/document/4378209/},
    doi = {10.1109/TMI.2007.911549},
    issn = {0278-0062},
    pmid = {18334436}
}

@misc{BroydenFletcherGoldfarbShannoAlgorithm,
    title = {{Broyden–Fletcher–Goldfarb–Shanno algorithm}},
    booktitle = {Wikipedia}
}

@article{Tsai2018FastPreconditioning,
    title = {{Fast Quasi-Newton Algorithms for Penalized Reconstruction in Emission Tomography and Further Improvements via Preconditioning}},
    year = {2018},
    journal = {IEEE Transactions on Medical Imaging},
    author = {Tsai, Yu Jung and Bousse, Alexandre and Ehrhardt, Matthias J. and Stearns, Charles W. and Ahn, Sangtae and Hutton, Brian F. and Arridge, Simon and Thielemans, Kris},
    number = {4},
    month = {4},
    pages = {1000--1010},
    volume = {37},
    url = {https://ieeexplore.ieee.org/document/8239640/},
    doi = {10.1109/TMI.2017.2786865},
    issn = {1558254X},
    keywords = {Emission tomography, L-BFGS-B, penalized reconstruction, preconditioning}
}

@article{Zanzonico2011NuclearPhysics.,
    title = {{Nuclear Medicine Physics.}},
    year = {2011},
    journal = {Medical Physics},
    author = {Zanzonico, Pat},
    number = {8},
    pages = {4904--4904},
    volume = {38},
    url = {http://www-pub.iaea.org/books/IAEABooks/10368/Nuclear-Medicine-Physics http://doi.wiley.com/10.1118/1.3611048},
    isbn = {9781584887959},
    doi = {10.1118/1.3611048},
    issn = {00942405},
    pmid = {16494507},
    arxivId = {arXiv:1011.1669v3},
    language = {English}
}

@article{PenalisedTomography,
    title = {{Penalised Image Reconstruction Algorithms for Efﬁcient and Consistent Quantiﬁcation in Emission Tomography}},
    pages = {162},
    language = {en}
}

@misc{Quasi-NewtonMethod,
    title = {{Quasi-Newton Method}},
    booktitle = {Wikipedia},
    url = {https://en.wikipedia.org/wiki/Quasi-Newton_method}
}

@misc{Paulsson2003Quick_start_guideDocumentation,
    title = {{quick{\_}start{\_}guide [Zotero Documentation]}},
    year = {2003},
    booktitle = {Physical Review B},
    author = {Paulsson, Magnus and Datta, Supriyo},
    number = {24},
    pages = {241403},
    volume = {67},
    url = {https://www.zotero.org/support/quick_start_guide http://www.zotero.org/support/quick_start_guide%5Cnhttp://www.zotero.org/support/quick_start_guide#translators},
    isbn = {386644737X},
    doi = {10.1103/PhysRevB.67.241403},
    issn = {0078-3234}
}

@misc{Tsai2018TsaiEfc.pdf,
    title = {{Tsai - Penalised Image Reconstruction Algorithms for Efﬁc.pdf}},
    year = {2018},
    author = {Tsai, Yu Jung},
    pages = {162}
}